@book{Jain:2011bio,
  title={Introduction to biometrics},
  author={Jain, Anil K and Ross, Arun A and Nandakumar, Karthik},
  year={2011},
  publisher={Springer Science \& Business Media}
}

@incollection{Agrafioti:2011heart,
  title={Heart biometrics: Theory, methods and applications},
  author={Agrafioti, Foteini and Gao, Jiexin and Hatzinakos, Dimitrios},
  booktitle={Biometrics},
  year={2011},
  publisher={InTech}
}

@article{Pinto:2018evolution,
  title={Evolution, current challenges, and future possibilities in ECG biometrics},
  author={Pinto, Jo{\~a}o Ribeiro and Cardoso, Jaime S and Louren{\c{c}}o, Andr{\'e}},
  journal={IEEE Access},
  volume={6},
  pages={34746--34776},
  year={2018},
  publisher={IEEE}
}

@article{Agrafioti:2011medical,
  title={Medical biometrics in mobile health monitoring},
  author={Agrafioti, Foteini and Bui, Francis M and Hatzinakos, Dimitrios},
  journal={Security and Communication Networks},
  volume={4},
  number={5},
  pages={525--539},
  year={2011},
  publisher={Wiley Online Library}
}

@article{Blasco:2018feasibility,
  title={On the Feasibility of Low-Cost Wearable Sensors for Multi-Modal Biometric Verification},
  author={Blasco, Jorge and Peris-Lopez, Pedro},
  journal={Sensors},
  volume={18},
  number={9},
  pages={2782},
  year={2018},
  publisher={Multidisciplinary Digital Publishing Institute}
}

@inproceedings{Salloum:2017ecg,
  title={ECG-based biometrics using recurrent neural networks},
  author={Salloum, Ronald and Kuo, C-C Jay},
  booktitle={Acoustics, Speech and Signal Processing (ICASSP), 2017 IEEE International Conference on},
  pages={2062--2066},
  year={2017},
  organization={IEEE}
}

@article{Eberz:2017broken,
  title={Broken hearted: How to attack ecg biometrics},
  author={Eberz, Simon and Paoletti, Nicola and Roeschlin, Marc and Kwiatkowska, Marta and Martinovic, I and Patan{\'e}, A},
  year={2017}
}

@inproceedings{Karimian:2017vulnerability,
  title={On the vulnerability of ECG verification to online presentation attacks},
  author={Karimian, Nima and Woodard, Damon L and Forte, Domenic},
  booktitle={Biometrics (IJCB), 2017 IEEE International Joint Conference on},
  pages={143--151},
  year={2017},
  organization={IEEE}
}

@article{Damousis:2008unobtrusive,
  title={Unobtrusive multimodal biometric authentication: The HUMABIO project concept},
  author={Damousis, Ioannis G and Tzovaras, Dimitrios and Bekiaris, Evangelos},
  journal={EURASIP journal on advances in signal processing},
  volume={2008},
  number={1},
  pages={265767},
  year={2008},
  publisher={Springer}
}

@article{Abo:2014biometric,
  title={Biometric authentication based on PCG and ECG signals: present status and future directions},
  author={Abo-Zahhad, Mohammed and Ahmed, Sabah M and Abbas, Sherif N},
  journal={Signal, Image and Video Processing},
  volume={8},
  number={4},
  pages={739--751},
  year={2014},
  publisher={Springer}
}

@article{Agrafioti:2012secure,
  title={Secure telemedicine: Biometrics for remote and continuous patient verification},
  author={Agrafioti, Foteini and Bui, Francis M and Hatzinakos, Dimitrios},
  journal={Journal of Computer Networks and Communications},
  volume={2012},
  year={2012},
  publisher={Hindawi}
}

@incollection{Akhter:2016heart,
  title={Heart-Based Biometrics and Possible Use of Heart Rate Variability in Biometric Recognition Systems},
  author={Akhter, Nazneen and Tharewal, Sumegh and Kale, Vijay and Bhalerao, Ashish and Kale, KV},
  booktitle={Advanced Computing and Systems for Security},
  pages={15--29},
  year={2016},
  publisher={Springer}
}

@phdthesis{Fatemian:2009wavelet,
  title={A wavelet-based approach to electrocardiogram (ECG) and phonocardiogram (PCG) subject recognition},
  author={Fatemian, Seyedeh Zahra},
  year={2009}
}

@article{Wang:2007analysis,
  title={Analysis of human electrocardiogram for biometric recognition},
  author={Wang, Yongjin and Agrafioti, Foteini and Hatzinakos, Dimitrios and Plataniotis, Konstantinos N},
  journal={EURASIP journal on Advances in Signal Processing},
  volume={2008},
  number={1},
  pages={148658},
  year={2007},
  publisher={Springer}
}

@article{Odinaka:2012analysis,
  title={ECG biometric recognition: A comparative analysis},
  author={Odinaka, Ikenna and Lai, Po-Hsiang and Kaplan, Alan D and O'Sullivan, Joseph A and Sirevaag, Erik J and Rohrbaugh, John W},
  journal={IEEE Transactions on Information Forensics and Security},
  volume={7},
  number={6},
  pages={1812--1824},
  year={2012},
  publisher={IEEE}
}

@article{Biel:2001ecg,
  title={ECG analysis: a new approach in human identification},
  author={Biel, Lena and Pettersson, Ola and Philipson, Lennart and Wide, Peter},
  journal={IEEE Transactions on Instrumentation and Measurement},
  volume={50},
  number={3},
  pages={808--812},
  year={2001}
}

@article{PhysioNet,
  author    = {Goldberger, Ary L. and Amaral, Luis A. N.
               and Glass, Leon and Hausdorff, Jeffrey M.
               and Ivanov, Plamen Ch. and Mark, Roger G.
               and Mietus, Joseph E. and Moody, George B.
               and Peng, Chung-Kang and Stanley, H. Eugene},
  title     = {{PhysioBank}, {PhysioToolkit}, and {PhysioNet}:
               Components of a New Research Resource for Complex
               Physiologic Signals},
  journal   = {Circulation},
  publisher = {American Heart Association, Inc.},
  volume    = {101},
  number    = {23},
  year      = {2000},
  month     = {June},
  pages     = {e215--e220},
  doi       = {10.1161/01.CIR.101.23.e215},
  issn      = {0009-7322},
  url       = {http://circ.ahajournals.org/content/101/23/e215}
}

@misc{ Wiki:ecg,
    author = "{Wikipedia contributors}",
    title = "Electrocardiography --- {Wikipedia}{,} The Free Encyclopedia",
    year = "2019",
    howpublished = "\url{https://en.wikipedia.org/w/index.php?title=Electrocardiography&oldid=880852702}",
    note = "[Online; accessed 2-February-2019]"
  }
  
 @book{Lilly:2012pathophysiology,
  title={Pathophysiology of heart disease: a collaborative project of medical students and faculty},
  author={Lilly, Leonard S},
  year={2012},
  publisher={Lippincott Williams \& Wilkins}
}

@inproceedings{Karimian:2017human,
  title={Human recognition from photoplethysmography (ppg) based on non-fiducial features},
  author={Karimian, Nima and Guo, Zimu and Tehranipoor, Mark and Forte, Domenic},
  booktitle={Acoustics, Speech and Signal Processing (ICASSP), 2017 IEEE International Conference on},
  pages={4636--4640},
  year={2017},
  organization={IEEE}
}

@misc{ wiki:ppg,
    author = "{Wikipedia contributors}",
    title = "Photoplethysmogram --- {Wikipedia}{,} The Free Encyclopedia",
    year = "2019",
    howpublished = "\url{https://en.wikipedia.org/w/index.php?title=Photoplethysmogram&oldid=877508895}",
    note = "[Online; accessed 2-February-2019]"
  }
  
  @article{Verkruysse2008remotePPG,
  title={Remote plethysmographic imaging using ambient light.},
  author={Verkruysse, Wim and Svaasand, Lars O and Nelson, J Stuart},
  journal={Optics express},
  volume={16},
  number={26},
  pages={21434--21445},
  year={2008},
  publisher={Optical Society of America}
}

@inproceedings{Eberz:2018your,
  title={When your fitness tracker betrays you: Quantifying the predictability of biometric features across contexts},
  author={Eberz, Simon and Lovisotto, Giulio and Patane, Andrea and Kwiatkowska, Marta and Lenders, Vincent and Martinovic, Ivan},
  booktitle={2018 IEEE Symposium on Security and Privacy (SP)},
  pages={889--905},
  year={2018},
  organization={IEEE}
}

@inproceedings{Odinaka:2010ecg,
  title={ECG biometrics: A robust short-time frequency analysis},
  author={Odinaka, Ikenna and Lai, Po-Hsiang and Kaplan, Alan D and O'Sullivan, Joseph A and Sirevaag, Erik J and Kristjansson, Sean D and Sheffield, Amanda K and Rohrbaugh, John W},
  booktitle={Information forensics and security (wifs), 2010 ieee international workshop on},
  pages={1--6},
  year={2010},
  organization={IEEE}
}

@article{Chan2008wavelet,
  title={Wavelet distance measure for person identification using electrocardiograms},
  author={Chan, Adrian DC and Hamdy, Mohyeldin M and Badre, Armin and Badee, Vesal},
  journal={IEEE transactions on instrumentation and measurement},
  volume={57},
  number={2},
  pages={248--253},
  year={2008},
  publisher={IEEE}
}

@inproceedings{Ergunay:2015voicevulnerability,
  title={On the vulnerability of speaker verification to realistic voice spoofing},
  author={Erg{\"u}nay, Serife Kucur and Khoury, Elie and Lazaridis, Alexandros and Marcel, S{\'e}bastien},
  booktitle={Biometrics Theory, Applications and Systems (BTAS), 2015 IEEE 7th International Conference on},
  pages={1--6},
  year={2015},
  organization={IEEE}
}

@inproceedings{Chen:2017spoofing,
  title={Spoofing faces using makeup: An investigative study},
  author={Chen, Cunjian and Dantcheva, Antitza and Swearingen, Thomas and Ross, Arun},
  booktitle={Identity, Security and Behavior Analysis (ISBA), 2017 IEEE International Conference on},
  pages={1--8},
  year={2017},
  organization={IEEE}
}

@article{Galbally:2012iriscode,
  title={From the iriscode to the iris: A new vulnerability of iris recognition systems},
  author={Galbally, Javier and Ross, Arun and Gomez-Barrero, Marta and Fierrez, Julian and Ortega-Garcia, Javier},
  journal={Black Hat Briefings USA},
  volume={1},
  year={2012}
}

@article{Mcsharry:2003dynamical,
  title={A dynamical model for generating synthetic electrocardiogram signals},
  author={McSharry, Patrick E and Clifford, Gari D and Tarassenko, Lionel and Smith, Leonard A},
  journal={IEEE transactions on biomedical engineering},
  volume={50},
  number={3},
  pages={289--294},
  year={2003},
  publisher={IEEE}
}

@inproceedings{Banerjee:2013estimation,
  title={Estimation of ECG parameters using photoplethysmography},
  author={Banerjee, Rohan and Sinha, Aniruddha and Pal, Arpan and Kumar, Anurag},
  booktitle={13th IEEE International Conference on BioInformatics and BioEngineering},
  pages={1--5},
  year={2013},
  organization={IEEE}
}

@misc{patel_2019,
title={Chapter 2 : SVM (Support Vector Machine) — Theory – Machine Learning 101 – Medium},
url={https://medium.com/machine-learning-101/chapter-2-svm-support-vector-machine-theory-f0812effc72},
journal={Medium},
author={Patel, Savan},
year={2019}
}

@misc{wiki:svm,
    author = "{Wikipedia contributors}",
    title = "Support-vector machine --- {Wikipedia}{,} The Free Encyclopedia",
    year = "2019",
    url = "https://en.wikipedia.org/w/index.php?title=Support-vector_machine&oldid=881052709",
    note = "[Online; accessed 8-February-2019]"
  }
  
@misc{Build_with_ai:deepai_2019,
    url={https://deepai.org/machine-learning-glossary-and-terms/neural-network},
    journal={DeepAI},
    year={2019}
}

@misc{wiki:neuralnetwork,
    author = "{Wikipedia contributors}",
    title = "Artificial neural network --- {Wikipedia}{,} The Free Encyclopedia",
    year = "2019",
    url = "https://en.wikipedia.org/w/index.php?title=Artificial_neural_network&oldid=881830993",
    note = "[Online; accessed 11-February-2019]"
  }
  
 @article{Schmidhuber:2015deep,
  title={Deep learning in neural networks: An overview},
  author={Schmidhuber, J{\"u}rgen},
  journal={Neural networks},
  volume={61},
  pages={85--117},
  year={2015},
  publisher={Elsevier}
}

@article{Lecun:2015deep,
  title={Deep learning},
  author={LeCun, Yann and Bengio, Yoshua and Hinton, Geoffrey},
  journal={nature},
  volume={521},
  number={7553},
  pages={436},
  year={2015},
  publisher={Nature Publishing Group}
}

@article{Ma:2015deep,
  title={Deep neural nets as a method for quantitative structure--activity relationships},
  author={Ma, Junshui and Sheridan, Robert P and Liaw, Andy and Dahl, George E and Svetnik, Vladimir},
  journal={Journal of chemical information and modeling},
  volume={55},
  number={2},
  pages={263--274},
  year={2015},
  publisher={ACS Publications}
}

@article{Xiong:2015human,
  title={The human splicing code reveals new insights into the genetic determinants of disease},
  author={Xiong, Hui Y and Alipanahi, Babak and Lee, Leo J and Bretschneider, Hannes and Merico, Daniele and Yuen, Ryan KC and Hua, Yimin and Gueroussov, Serge and Najafabadi, Hamed S and Hughes, Timothy R and others},
  journal={Science},
  volume={347},
  number={6218},
  pages={1254806},
  year={2015},
  publisher={American Association for the Advancement of Science}
}

@misc{Martin:2012everyday,
  title={Everyday Cryptography Fundemental Principles and Applications (2012)},
  author={Martin, KM},
  publisher={Oxford University Press}
}

@article{Blasco:2016survey,
  title={A survey of wearable biometric recognition systems},
  author={Blasco, Jorge and Chen, Thomas M and Tapiador, Juan and Peris-Lopez, Pedro},
  journal={ACM Computing Surveys (CSUR)},
  volume={49},
  number={3},
  pages={43},
  year={2016},
  publisher={ACM}
}

@misc{applewatch:series4health&ecg_2019,
    url={https://www.apple.com/apple-watch-series-4/health/},
    author={Apple, Inc.},
    journal={Apple},
    year={2019}
}

@misc{applewatch:edition,
    url={https://support.apple.com/kb/SP737?viewlocale=en_US&locale=en_US},
    author={Apple, Inc.},
    journal={Support.apple.com},
    year={2019}
}

@misc{underarmoursportwirelessheartrate,
    url={https://www.jbl.com/wireless-headphones/UA+SPORT+WIRELESS+HEART+RATE.html},
    author={HARMAN, Inc.},
    journal={Jbl.com},
    year={2019}
}

@misc{fitbit:charge,
    url={https://www.fitbit.com/charge3},
    author={Fitbit, Inc.},
    journal={Fitbit.com},
    year={2019}
}

@article{Ye:2012heartbeat,
  title={Heartbeat classification using morphological and dynamic features of ECG signals},
  author={Ye, Can and Kumar, BVK Vijaya and Coimbra, Miguel Tavares},
  journal={IEEE Transactions on Biomedical Engineering},
  volume={59},
  number={10},
  pages={2930--2941},
  year={2012},
  publisher={IEEE}
}